@misc{dataset-url,
author = {E. {G. Paredes} and R. {Ballester-Ripoll}},
year = {2018},
title = {SGEMM GPU kernel performance Data Set},
url = {\url{https://archive.ics.uci.edu/ml/datasets/SGEMM+GPU+kernel+performance}},
institution = {University of Zurich. Zurich, 8050. Switzerland} }

@INPROCEEDINGS{dataset-paper,
author={C. {Nugteren} and V. {Codreanu}},
booktitle={2015 IEEE 9th International Symposium on Embedded Multicore/Many-core Systems-on-Chip},
title={CLTune: A Generic Auto-Tuner for OpenCL Kernels},
year={2015},
volume={},
number={},
pages={195-202},
keywords={parallel programming;public domain software;software libraries;CLTune;auto-tuner;OpenCL kernels;open-source;GPU;2D convolution;matrix-multiplication;Kernel;Convolution;Performance evaluation;Tuners;Simulated annealing;Search problems;OpenCL;Auto-Tuning;GPU;Convolution;GEMM},
doi={10.1109/MCSoC.2015.10},
ISSN={},
month={Sep.},}
